<record xmlns="http://www.loc.gov/MARC21/slim" xmlns:xsi="http://www.w3.org/2001/XMLSchema-instance" xsi:schemaLocation="http://www.loc.gov/MARC21/slim http://www.loc.gov/standards/marcxml/schema/MARC21slim.xsd"><leader>01400nam a2200325   4500</leader><controlfield tag="001">001679926</controlfield><controlfield tag="003">NNU</controlfield><controlfield tag="006">m        d        </controlfield><controlfield tag="007">cr cn |||m|||a</controlfield><controlfield tag="008">140707s1967    iq      ob    001 0 arax</controlfield><datafield ind1=" " ind2=" " tag="040"><subfield code="a">NNU</subfield><subfield code="b">eng</subfield><subfield code="c">NNU</subfield></datafield><datafield ind1=" " ind2=" " tag="043"><subfield code="a">ar-----</subfield></datafield><datafield ind1="0" ind2=" " tag="050"><subfield code="a">BP134.E7</subfield><subfield code="b">S24</subfield></datafield><datafield ind1="1" ind2=" " tag="100"><subfield code="a">al-&#7778;aff&#257;r, Ibtis&#257;m Marh&#363;n.</subfield></datafield><datafield ind1="1" ind2="3" tag="245"><subfield code="a">al-Ta&#699;&#257;b&#299;r al-Qur&#700;&#257;n&#299;yah wa-al-b&#299;&#700;ah al-&#699;Arab&#299;yah</subfield><subfield code="h">[electronic resource]</subfield><subfield code="b">f&#299; mash&#257;hid al-qiy&#257;mah,</subfield><subfield code="c">ta&#700;l&#299;f Ibtis&#257;m Marh&#363;n al-&#7778;aff&#257;r.</subfield></datafield><datafield ind1=" " ind2=" " tag="250"><subfield code="a">[al-&#7788;ab&#699;ah 1.]</subfield></datafield><datafield ind1=" " ind2=" " tag="260"><subfield code="a">al-Najaf,</subfield><subfield code="b">Ma&#7789;ba&#699;at al-&#256;d&#257;b,</subfield><subfield code="c">1966 [i.e. 1967]</subfield></datafield><datafield ind1=" " ind2=" " tag="300"><subfield code="a">online resource (384 p.)</subfield></datafield><datafield ind1=" " ind2=" " tag="500"><subfield code="a">Part of the Arabic Collections Online (ACO) project, contributed by New York Univeristy Libraries.</subfield></datafield><datafield ind1=" " ind2=" " tag="504"><subfield code="a">Bibliography: p. 319-347.</subfield></datafield><datafield ind1=" " ind2=" " tag="533"><subfield code="a">Electronic reproduction.</subfield><subfield code="b">New York, N.Y. :</subfield><subfield code="c">New York University,</subfield><subfield code="d">2014.</subfield><subfield code="5">NNU</subfield></datafield><datafield ind1=" " ind2="0" tag="650"><subfield code="a">Islamic eschatology</subfield><subfield code="x">Qur&#700;anic teaching.</subfield></datafield><datafield ind1=" " ind2="0" tag="650"><subfield code="a">Ethnology in the Qur&#700;an.</subfield></datafield><datafield ind1="0" ind2="0" tag="630"><subfield code="a">Koran</subfield><subfield code="x">Geography.</subfield></datafield><datafield ind1="0" ind2="0" tag="630"><subfield code="a">Koran</subfield><subfield code="x">Language, style.</subfield></datafield><datafield ind1="2" ind2=" " tag="710"><subfield code="a">New York University.</subfield><subfield code="b">Libraries.</subfield></datafield><datafield ind1="0" ind2=" " tag="730"><subfield code="a">Arabic Collections Online.</subfield></datafield><datafield ind1="0" ind2="8" tag="776"><subfield code="i">Print version:</subfield><subfield code="a">al-&#7778;aff&#257;r, Ibtis&#257;m Marh&#363;n.</subfield><subfield code="t">al-Ta&#699;&#257;b&#299;r al-Qur&#700;&#257;n&#299;yah wa-al-b&#299;&#700;ah al-&#699;Arab&#299;yah</subfield><subfield code="w">(NNU)001679926</subfield><subfield code="w">(DLC)71265056</subfield></datafield><datafield ind1="4" ind2="0" tag="856"><subfield code="u">http://hdl.handle.net/2333.1/mkkwh8t5</subfield></datafield><datafield ind1=" " ind2=" " tag="959"><subfield code="a">NNU</subfield><subfield code="b">WEB</subfield><subfield code="c">GENI</subfield><subfield code="t">0</subfield><subfield code="m">Electronic access</subfield><subfield code="s">01</subfield></datafield></record>